<?xml version="1.0" encoding="UTF-8"?><collection xmlns="http://www.loc.gov/MARC21/slim"><record><leader>00417nam--2200133-i-4500</leader><controlfield tag="001">000024561</controlfield><controlfield tag="002">20161230</controlfield><controlfield tag="005">20161230201035</controlfield><controlfield tag="008">060222s1000------------r-----000-0-eng-d</controlfield><datafield ind1=" " ind2=" " tag="080"><subfield code="a">1(043)</subfield></datafield><datafield ind1=" " ind2=" " tag="100"><subfield code="a">Hinderer, Jurgen</subfield></datafield><datafield ind1=" " ind2=" " tag="245"><subfield code="a">Der einfluss von strukturellen personlichkeitsvariablen der eltern auf sas familienklima. dissertation</subfield></datafield><datafield ind1=" " ind2=" " tag="260"><subfield code="a">Munchen, Ludwig-maximilians-universitat, 1985, /P.Dif.</subfield></datafield><datafield ind1=" " ind2=" " tag="852"><subfield code="a">73484</subfield></datafield></record></collection>